

@article{Staino2022,
  author = {Staino, Andrea and Suwalka, Akshat and Mitra, Pabitra and Basu, Biswajit},
  title = {Real-Time Detection and Recognition of Railway Traffic Signals Using Deep Learning},
  journal = {Journal of Big Data Analytics in Transportation},
  year = {2022},
  volume = {4},
  pages = {57--71},
  doi = {10.1007/s42421-022-00054-7}
}


@misc{sprava_zeleznic_predpis,
  title = {Dopravní a návěstní předpis pro tratě nevybavené evropským
vlakovým zabezpečovačem},
  year = {2024},
  author = {Svoboda, Jiří},
  howpublished = {Online},
  url = {https://provoz.spravazeleznic.cz/Portal/Show.aspx?oid=2179979},
}
@misc{di.gov.cz,
  title = {Statistiky mimořádných událostí | Drážní inspekce},
  year = {2025},
  author = {},
  howpublished = {Online},
  url = {https://di.gov.cz/mimoradne-udalosti/statistiky-mimoradnych-udalosti},
}
@misc{lin2015microsoft,
      title={Microsoft COCO: Common Objects in Context},
      author={Tsung-Yi Lin and Michael Maire and Serge Belongie and Lubomir Bourdev and Ross Girshick and James Hays and Pietro Perona and Deva Ramanan and C. Lawrence Zitnick and Piotr Dollár},
      year={2015},
      eprint={1405.0312},
      archivePrefix={arXiv},
      primaryClass={cs.CV}
}

